<record><leader>00000cas a22000007a 4500</leader><controlfield tag="001">15567742</controlfield><controlfield tag="008">870422d18811913inuwr ne      0    0eng d</controlfield><datafield ind1=" " ind2=" " tag="010"><subfield code="a">sn 87055956 </subfield></datafield><datafield ind1=" " ind2=" " tag="040"><subfield code="a">NPI</subfield><subfield code="b">eng</subfield><subfield code="c">NPI</subfield><subfield code="d">OCLCQ</subfield></datafield><datafield ind1=" " ind2=" " tag="042"><subfield code="a">msc</subfield></datafield><datafield ind1="0" ind2=" " tag="130"><subfield code="a">South Bend times (South Bend, Ind. : Weekly : 1881)</subfield></datafield><datafield ind1="1" ind2="4" tag="245"><subfield code="a">The South Bend times.</subfield></datafield><datafield ind1=" " ind2=" " tag="260"><subfield code="a">South Bend, Ind. :</subfield><subfield code="b">J.B. Stoll</subfield></datafield><datafield ind1=" " ind2=" " tag="310"><subfield code="a">Weekly</subfield></datafield><datafield ind1=" " ind2=" " tag="321"><subfield code="a">Semiweekly,</subfield><subfield code="b">1894-1908</subfield></datafield><datafield ind1=" " ind2=" " tag="321"><subfield code="a">Weekly,</subfield><subfield code="b">1891-&lt;Jan. 26, 1894&gt;</subfield></datafield><datafield ind1="1" ind2=" " tag="362"><subfield code="a">Began in 1881? Ceased in 1913?</subfield></datafield><datafield ind1=" " ind2=" " tag="580"><subfield code="a">Also published in daily editions called: South Bend daily times, &lt;1891&gt;-1911, and: The South Bend times, 1911-1913.</subfield></datafield><datafield ind1=" " ind2=" " tag="588"><subfield code="a">Description based on: Vol. 26, no. 26 (June 26, 1891).</subfield></datafield><datafield ind1=" " ind2=" " tag="752"><subfield code="a">United States</subfield><subfield code="b">Indiana</subfield><subfield code="c">Saint Joseph</subfield><subfield code="d">South Bend.</subfield></datafield><datafield ind1="1" ind2=" " tag="775"><subfield code="t">South Bend daily times</subfield><subfield code="w">(DLC)sn 87055786</subfield></datafield><datafield ind1="1" ind2=" " tag="775"><subfield code="t">South Bend times (South Bend, Ind. : Daily)</subfield><subfield code="w">(DLC)sn 87055778</subfield></datafield></record>